<record><leader>00000cas a22000007a 4500</leader><controlfield tag="001">15023902</controlfield><controlfield tag="008">861230d185418uualuir ne      0    0eng d</controlfield><datafield ind1=" " ind2=" " tag="010"><subfield code="a">sn 86050478 </subfield></datafield><datafield ind1=" " ind2=" " tag="040"><subfield code="a">AAR</subfield><subfield code="b">eng</subfield><subfield code="c">AAR</subfield><subfield code="d">CPN</subfield><subfield code="d">DLC</subfield><subfield code="d">CPN</subfield><subfield code="d">NLG</subfield><subfield code="d">OCLCQ</subfield></datafield><datafield ind1=" " ind2=" " tag="042"><subfield code="a">msc</subfield></datafield><datafield ind1="0" ind2=" " tag="130"><subfield code="a">Montgomery advertiser and state gazette (Montgomery, Ala. : Triweekly)</subfield></datafield><datafield ind1="1" ind2="0" tag="245"><subfield code="a">Montgomery advertiser and state gazette.</subfield></datafield><datafield ind1=" " ind2=" " tag="260"><subfield code="a">Montgomery, Ala. :</subfield><subfield code="b">Brittan &amp; Blue,</subfield><subfield code="c">1854-</subfield></datafield><datafield ind1=" " ind2=" " tag="300"><subfield code="a">v.</subfield></datafield><datafield ind1=" " ind2=" " tag="310"><subfield code="a">Triweekly,</subfield><subfield code="b">Feb. 19, 1856-</subfield></datafield><datafield ind1=" " ind2=" " tag="321"><subfield code="a">Triweekly,</subfield><subfield code="b">-Nov. 10, 1855</subfield></datafield><datafield ind1=" " ind2=" " tag="321"><subfield code="a">Daily,</subfield><subfield code="b">Nov. 13, 1855-Feb. 16, 1856</subfield></datafield><datafield ind1="0" ind2=" " tag="362"><subfield code="a">Vol. 5, no. 134 (May 25, 1854)-</subfield></datafield><datafield ind1=" " ind2=" " tag="580"><subfield code="a">Also published in a weekly edition: Montgomery advertiser and state gazette.</subfield></datafield><datafield ind1=" " ind2=" " tag="752"><subfield code="a">United States</subfield><subfield code="b">Alabama</subfield><subfield code="c">Montgomery</subfield><subfield code="d">Montgomery.</subfield></datafield><datafield ind1="0" ind2=" " tag="775"><subfield code="t">Montgomery daily advertiser (Montgomery, Ala. : 1858)</subfield><subfield code="w">(DLC)sn 84023549</subfield></datafield><datafield ind1="1" ind2=" " tag="775"><subfield code="t">Montgomery advertiser and state gazette</subfield><subfield code="w">(DLC)sn 85032917</subfield></datafield><datafield ind1="0" ind2="0" tag="780"><subfield code="t">Advertiser and state gazette (Montgomery, Ala. : Triweekly)</subfield><subfield code="w">(DLC)sn 84023546</subfield></datafield></record>